@Manual{R-base,
  title = {R: A Language and Environment for Statistical Computing},
  author = {{R Core Team}},
  organization = {R Foundation for Statistical Computing},
  address = {Vienna, Austria},
  year = {2020},
  url = {https://www.R-project.org/},
}
 
@Manual{R-papaja,
  author = {Frederik Aust and Marius Barth},
  title = {{papaja}: {Create} {APA} manuscripts with {R Markdown}},
  year = {2020},
  note = {R package version 0.1.0.9997},
  url = {https://github.com/crsh/papaja},
}
@article{open2015estimating,
  title={Estimating the reproducibility of psychological science},
  author={Open Science Collaboration,},
  journal={Science},
  volume={349},
  number={6251},
  year={2015},
  publisher={American Association for the Advancement of Science},
  doi={10.1126/science.aac4716}
}

@article{nosek2022replicability,
  title={Replicability, robustness, and reproducibility in psychological science},
  author={Nosek, Brian A and Hardwicke, Tom E and Moshontz, Hannah and Allard, Aur{\'e}lien and Corker, Katherine S and Dreber, Anna and Fidler, Fiona and Hilgard, Joe and Kline Struhl, Melissa and Nuijten, Mich{\`e}le B and others},
  journal={Annual review of psychology},
  volume={73},
  pages={719--748},
  year={2022},
  publisher={Annual Reviews}
}
@article{allen2019raincloud,
  title={Raincloud plots: a multi-platform tool for robust data visualization},
  author={Allen, Micah and Poggiali, Davide and Whitaker, Kirstie and Marshall, Tom Rhys and Kievit, Rogier A},
  journal={Wellcome open research},
  volume={4},
  year={2019},
  publisher={The Wellcome Trust},
  doi={10.12688/wellcomeopenres.15191.1}
}
@article{gennetian2020advancing,
  title={Advancing transparency and openness in child development research: Opportunities},
  author={Gennetian, Lisa A and Tamis-LeMonda, Catherine S and Frank, Michael C},
  journal={Child development perspectives},
  volume={14},
  number={1},
  pages={3--8},
  year={2020},
  publisher={Wiley Online Library},
  doi={10.1111/cdep.12356}
}

@article{hardwicke2021analytic,
  title={Analytic reproducibility in articles receiving open data badges at the journal Psychological Science: an observational study},
  author={Hardwicke, Tom E and Bohn, Manuel and MacDonald, Kyle and Hembacher, Emily and Nuijten, Mich{\`e}le B and Peloquin, Benjamin N and deMayo, Benjamin E and Long, Bria and Yoon, Erica J and Frank, Michael C},
  year={2021}
}

@article{hardwicke2018data,
  title={Data availability, reusability, and analytic reproducibility: Evaluating the impact of a mandatory open data policy at the journal Cognition},
  author={Hardwicke, Tom E and Mathur, Maya B and MacDonald, Kyle and Nilsonne, Gustav and Banks, George C and Kidwell, Mallory C and Hofelich Mohr, Alicia and Clayton, Elizabeth and Yoon, Erica J and Henry Tessler, Michael and others},
  journal={Royal Society open science},
  volume={5},
  number={8},
  pages={180448},
  year={2018},
  publisher={The Royal Society},
  doi={10.1098/rsos.180448}
}
@article{kidwell2016badges,
  title={Badges to acknowledge open practices: A simple, low-cost, effective method for increasing transparency},
  author={Kidwell, Mallory C and Lazarevi{\'c}, Ljiljana B and Baranski, Erica and Hardwicke, Tom E and Piechowski, Sarah and Falkenberg, Lina-Sophia and Kennett, Curtis and Slowik, Agnieszka and Sonnleitner, Carina and Hess-Holden, Chelsey and others},
  journal={PLoS biology},
  volume={14},
  number={5},
  pages={e1002456},
  year={2016},
  publisher={Public Library of Science San Francisco, CA USA},
  doi={10.1371/journal.pbio.1002456}
}
@article{klein2018practical,
  title={A practical guide for transparency in psychological science},
  author={Klein, Olivier and Hardwicke, Tom E and Aust, Frederik and Breuer, Johannes and Danielsson, Henrik and Mohr, Alicia Hofelich and IJzerman, Hans and Nilsonne, Gustav and Vanpaemel, Wolf and Frank, Michael C and others},
  journal={Collabra: Psychology},
  volume={4},
  number={1},
  year={2018},
  publisher={University of California Press},
  doi={10.1525/collabra.158}
}
@article{syed2021infant,
  title={Infant and Child Development: A Journal for Open, Transparent, and Inclusive Science from Prenatal through Emerging Adulthood},
  author={Syed, Moin},
  journal={Infant and Child Development},
  Volume={30},
  Number={1},
  year={2021},
  publisher={PsyArXiv}, 
  doi={10.1002/icd.2215}
}
 @misc{center_2021, 
   title={Open Science Badges enhance openness, a core value of scientific practice},
   url={https://www.cos.io/initiatives/badges}, 
   author={Center for Open Science,}, 
   year={2021}
} 
 @misc{center_2013a, 
   title={Open Data Badge criteria},
   url={https://osf.io/g6u5k/}, 
   author={Center for Open Science,}, 
   year={2013}
} 
 @misc{center_2013b, 
   title={Open Materials Badge criteria},
   url={https://osf.io/gc2g8/}, 
   author={Center for Open Science,}, 
   year={2013}
} 
@Manual{R-afex,
  title = {afex: Analysis of Factorial Experiments},
  author = {Henrik Singmann and Ben Bolker and Jake Westfall and Frederik Aust and Mattan S. Ben-Shachar},
  year = {2021},
  note = {R package version 1.0-1},
  url = {https://CRAN.R-project.org/package=afex},
}
@Manual{R-apa,
  title = {apa: Format Outputs of Statistical Tests According to APA Guidelines},
  author = {Daniel Gromer},
  year = {2020},
  note = {R package version 0.3.3},
  url = {https://CRAN.R-project.org/package=apa},
}
@Manual{R-ggeasy,
  title = {ggeasy: Easy Access to 'ggplot2' Commands},
  author = {Jonathan Carroll and Alicia Schep and Jonathan Sidi},
  year = {2021},
  note = {R package version 0.1.3},
  url = {https://CRAN.R-project.org/package=ggeasy},
}
@Manual{R-gghalves,
  title = {gghalves: Compose Half-Half Plots Using Your Favourite Geoms},
  author = {Frederik Tiedemann},
  year = {2020},
  note = {R package version 0.1.1},
  url = {https://CRAN.R-project.org/package=gghalves},
}
@Article{R-ggsignif,
  title = {{ggsignif}: R Package for Displaying Significance Brackets for {'ggplot2'}},
  author = {Ahlmann-Eltze Constantin and Indrajeet Patil},
  year = {2021},
  journal = {PsyArxiv},
  url = {https://psyarxiv.com/7awm6},
  doi = {10.31234/osf.io/7awm6},
}
@Manual{R-here,
  title = {here: A Simpler Way to Find Your Files},
  author = {Kirill Müller},
  year = {2020},
  note = {R package version 1.0.1},
  url = {https://CRAN.R-project.org/package=here},
}
@Manual{R-janitor,
  title = {janitor: Simple Tools for Examining and Cleaning Dirty Data},
  author = {Sam Firke},
  year = {2021},
  note = {R package version 2.1.0},
  url = {https://CRAN.R-project.org/package=janitor},
}
@Manual{R-patchwork,
  title = {patchwork: The Composer of Plots},
  author = {Thomas Lin Pedersen},
  year = {2020},
  note = {R package version 1.1.1},
  url = {https://CRAN.R-project.org/package=patchwork},
}
@Article{R-report,
  title = {Automated Results Reporting as a Practical Tool to Improve Reproducibility and Methodological Best Practices Adoption},
  author = {Dominique Makowski and Mattan S. Ben-Shachar and Indrajeet Patil and Daniel Lüdecke},
  year = {2021},
  journal = {CRAN},
  url = {https://github.com/easystats/report},
}
@article{Olejnik2003GeneralizedEA,
  title={Generalized eta and omega squared statistics: measures of effect size for some common research designs.},
  author={Stephen F. Olejnik and James Algina},
  journal={Psychological methods},
  year={2003},
  volume={8},
  number={4},
  pages={434-47},
  doi={10.1037/1082-989X.8.4.434}
}
@article{gilmore2020advancing,
  title={Advancing scientific integrity, transparency, and openness in child development research: Challenges and possible solutions},
  author={Gilmore, Rick O and Cole, Pamela M and Verma, Suman and Van Aken, Marcel AG and Worthman, Carol M},
  journal={Child development perspectives},
  volume={14},
  number={1},
  pages={9--14},
  year={2020},
  publisher={Wiley Online Library},
  doi={10.1111/cdep.12360}
}
@article{peterson2016baby,
  title={The baby factory: Difficult research objects, disciplinary standards, and the production of statistical significance},
  author={Peterson, David},
  journal={Socius},
  volume={2},
  pages={2378023115625071},
  year={2016},
  publisher={SAGE Publications Sage CA: Los Angeles, CA},
  doi={10.1177/2378023115625071}
}
@article{slaughter2007participant,
  title={Participant loss due to “fussiness” in infant visual paradigms: A review of the last 20 years},
  author={Slaughter, Virginia and Suddendorf, Thomas},
  journal={Infant Behavior and Development},
  volume={30},
  number={3},
  pages={505--514},
  year={2007},
  publisher={Elsevier},
  doi={10.1016/j.infbeh.2006.12.006}
}
@article{davis2019overview,
  title={An overview of issues in infant and developmental research for the creation of robust and replicable science},
  author={Davis-Kean, Pamela E and Ellis, Alexa},
  journal={Infant Behavior and Development},
  volume={57},
  pages={101339},
  year={2019},
  publisher={Elsevier},
  doi={10.1016/j.infbeh.2019.101339}
}
@article{benjamin2019,
  title={Editorial},
  author={Benjamin, A. S.},
  journal={Journal of Experimental Psychology: Learning, Memory, and Cognition},
  volume={45},
  number={2},
  page={193-195},
  year={2019},
  doi={10.1037/xlm0000688}
}
@book{steuart1767inquiry,
  title={An inquiry into the principles of political economy},
  author={Steuart, James},
  volume={2},
  year={1767},
  publisher={Oliver & Boyd}
}
@article{hellwig2015exploring,
  title={Exploring different types of sharing: A proposed segmentation of the market for “sharing” businesses},
  author={Hellwig, Katharina and Morhart, Felicitas and Girardin, Florent and Hauser, Mirjam},
  journal={Psychology \& Marketing},
  volume={32},
  number={9},
  pages={891--906},
  year={2015},
  publisher={Wiley Online Library},
  doi={10.1002/mar.20825}
}
@article{paxton2019open,
  title={Open Science in data-intensive psychology and cognitive science},
  author={Paxton, Alexandra and Tullett, Alexa},
  journal={Policy Insights from the Behavioral and Brain Sciences},
  volume={6},
  number={1},
  pages={47--55},
  year={2019},
  publisher={SAGE Publications Sage CA: Los Angeles, CA},
  doi={10.1177/2372732218790283}
}
@article{markowetz2015five,
  title={Five selfish reasons to work reproducibly},
  author={Markowetz, Florian},
  journal={Genome biology},
  volume={16},
  number={1},
  pages={1--4},
  year={2015},
  publisher={Springer},
  doi={10.1186/s13059-015-0850-7}
}
@article{roche2015public,
  title={Public data archiving in ecology and evolution: how well are we doing?},
  author={Roche, Dominique G and Kruuk, Loeske EB and Lanfear, Robert and Binning, Sandra A},
  journal={PLoS biology},
  volume={13},
  number={11},
  pages={e1002295},
  year={2015},
  publisher={Public Library of Science San Francisco, CA USA},
  doi={10.1371/journal.pbio.1002295}
}
@article{yang2020estimating,
  title={Estimating the deep replicability of scientific findings using human and artificial intelligence},
  author={Yang, Yang and Youyou, Wu and Uzzi, Brian},
  journal={Proceedings of the National Academy of Sciences},
  volume={117},
  number={20},
  pages={10762--10768},
  year={2020},
  publisher={National Acad Sciences},
  doi={10.1073/pnas.1909046117}
}
@article{hartshorne2012tracking,
  title={Tracking replicability as a method of post-publication open evaluation},
  author={Hartshorne, Joshua and Schachner, Adena},
  journal={Frontiers in computational neuroscience},
  volume={6},
  pages={8},
  year={2012},
  publisher={Frontiers},
  doi={10.3389/fncom.2012.00008}
}
@article{altmejd2019predicting,
  title={Predicting the replicability of social science lab experiments},
  author={Altmejd, Adam and Dreber, Anna and Forsell, Eskil and Huber, Juergen and Imai, Taisuke and Johannesson, Magnus and Kirchler, Michael and Nave, Gideon and Camerer, Colin},
  journal={PloS one},
  volume={14},
  number={12},
  pages={e0225826},
  year={2019},
  publisher={Public Library of Science San Francisco, CA USA},
  doi={10.1371/journal.pone.0225826}
}
@article{fleiss1981balanced,
  title={Balanced incomplete block designs for inter-rater reliability studies},
  author={Fleiss, Joseph L},
  journal={Applied Psychological Measurement},
  volume={5},
  number={1},
  pages={105--112},
  year={1981},
  publisher={Sage Publications Sage CA: Thousand Oaks, CA},
  doi={10.1177/014662168100500115}
}
@article{cicchetti1994guidelines,
  title={Guidelines, criteria, and rules of thumb for evaluating normed and standardized assessment instruments in psychology.},
  author={Cicchetti, Domenic V},
  journal={Psychological assessment},
  volume={6},
  number={4},
  pages={284},
  year={1994},
  publisher={American Psychological Association},
  doi={10.1037/1040-3590.6.4.284}
}
@Article{R-tidyverse,
  title = {Welcome to the {tidyverse}},
  author = {Hadley Wickham and Mara Averick and Jennifer Bryan and Winston Chang and Lucy D'Agostino McGowan and Romain François and Garrett Grolemund and Alex Hayes and Lionel Henry and Jim Hester and Max Kuhn and Thomas Lin Pedersen and Evan Miller and Stephan Milton Bache and Kirill Müller and Jeroen Ooms and David Robinson and Dana Paige Seidel and Vitalie Spinu and Kohske Takahashi and Davis Vaughan and Claus Wilke and Kara Woo and Hiroaki Yutani},
  year = {2019},
  journal = {Journal of Open Source Software},
  volume = {4},
  number = {43},
  pages = {1686},
  doi = {10.21105/joss.01686},
}
@Manual{R-dplyr,
  title = {dplyr: A Grammar of Data Manipulation},
  author = {Hadley Wickham and Romain François and Lionel Henry and Kirill Müller},
  year = {2021},
  note = {R package version 1.0.7},
  url = {https://CRAN.R-project.org/package=dplyr},
}
@Manual{R-forcats,
  title = {forcats: Tools for Working with Categorical Variables (Factors)},
  author = {Hadley Wickham},
  year = {2021},
  note = {R package version 0.5.1},
  url = {https://CRAN.R-project.org/package=forcats},
}
@Book{R-ggplot2,
  author = {Hadley Wickham},
  title = {ggplot2: Elegant Graphics for Data Analysis},
  publisher = {Springer-Verlag New York},
  year = {2016},
  isbn = {978-3-319-24277-4},
  url = {https://ggplot2.tidyverse.org},
}
@Manual{R-kableExtra,
  title = {kableExtra: Construct Complex Table with 'kable' and Pipe Syntax},
  author = {Hao Zhu},
  year = {2021},
  note = {R package version 1.3.4},
  url = {https://CRAN.R-project.org/package=kableExtra},
}
@Article{R-lme4,
  title = {Fitting Linear Mixed-Effects Models Using {lme4}},
  author = {Douglas Bates and Martin M{\"a}chler and Ben Bolker and Steve Walker},
  journal = {Journal of Statistical Software},
  year = {2015},
  volume = {67},
  number = {1},
  pages = {1--48},
  doi = {10.18637/jss.v067.i01},
}
@Manual{R-Matrix,
  title = {Matrix: Sparse and Dense Matrix Classes and Methods},
  author = {Douglas Bates and Martin Maechler},
  year = {2021},
  note = {R package version 1.3-4},
  url = {https://CRAN.R-project.org/package=Matrix},
}
@Manual{R-purrr,
  title = {purrr: Functional Programming Tools},
  author = {Lionel Henry and Hadley Wickham},
  year = {2020},
  note = {R package version 0.3.4},
  url = {https://CRAN.R-project.org/package=purrr},
}
@Manual{R-readr,
  title = {readr: Read Rectangular Text Data},
  author = {Hadley Wickham and Jim Hester},
  year = {2021},
  note = {R package version 2.0.1},
  url = {https://CRAN.R-project.org/package=readr},
}
@Manual{R-stringr,
  title = {stringr: Simple, Consistent Wrappers for Common String Operations},
  author = {Hadley Wickham},
  year = {2019},
  note = {R package version 1.4.0},
  url = {https://CRAN.R-project.org/package=stringr},
}
@Manual{R-tibble,
  title = {tibble: Simple Data Frames},
  author = {Kirill Müller and Hadley Wickham},
  year = {2021},
  note = {R package version 3.1.4},
  url = {https://CRAN.R-project.org/package=tibble},
}
@Manual{R-tidyr,
  title = {tidyr: Tidy Messy Data},
  author = {Hadley Wickham},
  year = {2021},
  note = {R package version 1.1.3},
  url = {https://CRAN.R-project.org/package=tidyr},
}
@article{fleiss1981balanced,
  title={Balanced incomplete block designs for inter-rater reliability studies},
  author={Fleiss, Joseph L},
  journal={Applied Psychological Measurement},
  volume={5},
  number={1},
  pages={105--112},
  year={1981},
  publisher={Sage Publications Sage CA: Thousand Oaks, CA},
  doi={10.1177/014662168100500115}
}

@book{national2019reproducibility,
  title={Reproducibility and replicability in science},
  author={National Academies of Sciences, Engineering, and Medicine and others},
  year={2019},
  publisher={National Academies Press},
  doi={10.17226/25303}
}
@misc{Frank_tweet,
  title={At the same time, this policy statement is weaker than it should be! Openness does not just cause harm. It also reduces harm - often dramatically [Tweet]},
  author={Frank, M [@mcxfrank]},
  year={2020, March 6},
  url={https://twitter.com/mcxfrank/status/1103068416791855104}
}
@article{cicchetti1994guidelines,
  title={Guidelines, criteria, and rules of thumb for evaluating normed and standardized assessment instruments in psychology.},
  author={Cicchetti, Domenic V},
  journal={Psychological assessment},
  volume={6},
  number={4},
  pages={284},
  year={1994},
  publisher={American Psychological Association},
  doi={10.1037/1040-3590.6.4.284}
}
@misc{Pfeifer_tweet,
  title={Reflecting on my lukewarm reaction – agree it seemed to undervalue openness, as nice but not full optional, bc it’s risky and hard [Tweet]},
  author={Pfeifer, J [@jennDSN]},
  year={2020, March 8},
  url={https://twitter.com/jennDSN/status/1103891773909168128}
}
@Manual{R-goodshirt,
  title = {goodshirt: R Client For The Good Place Quotes API},
  author = {Adam Gruer},
  year = {2021},
  note = {R package version 0.2.2},
}
@Manual{R-scales,
  title = {scales: Scale Functions for Visualization},
  author = {Hadley Wickham and Dana Seidel},
  year = {2020},
  note = {R package version 1.1.1},
  url = {https://CRAN.R-project.org/package=scales},
}
@Manual{R-irr,
    title = {irr: Various Coefficients of Interrater Reliability and Agreement},
    author = {Matthias Gamer and Jim Lemon and Ian Fellows Puspendra Singh},
    year = {2019},
    note = {R package version 0.84.1},
    url = {https://CRAN.R-project.org/package=irr},
}
@Manual{R-gt,
  title = {gt: Easily Create Presentation-Ready Display Tables},
  author = {Richard Iannone and Joe Cheng and Barret Schloerke},
  year = {2022},
  note = {R package version 0.6.0},
  url = {https://CRAN.R-project.org/package=gt},
}
@Manual{R-ggsankey,
  title = {ggsankey: Sankey, Alluvial and Sankey Bump Plots},
  author = {David Sjoberg},
  year = {2022},
  note = {R package version 0.0.99999},
}
